@MANUAL{sap_hybrid_apps,
	 title = {{Hybrid Mobile Apps: More Functionality at Lower Cost}},
	 year = {2013},
	 institution = {SAP},
	 organization = {SAP},
},

@MANUAL{globant_hybrid,
	 title = {{Hybrid Mobile Development: A Cost-Effective Strategy for Building Cross-Platform Mobile Apps}},
	 organization = {Globant},
},

@MANUAL{mrc_native_wrong_choice,
	 title = {{Native mobile apps: The wrong choice for business?}},
	 organization = {Michaels, ross \& cole, ltd.},
},

@misc{job_indeed,
	title = {Job Search {\textbar} one search. all jobs. Indeed.com},
	url = {http://www.indeed.com/},
	urldate = {2013-05-03},
	howpublished = {http://www.indeed.com/},
	file = {Job Search | one search. all jobs. Indeed.com:/home/helleste/.mozilla/firefox/oml1nlzd.default/zotero/storage/373NRCQW/www.indeed.com.html:text/html}
},

@misc{mobile_dev_nat_hybrid_graph,
	title = {Mobile Development: Web App vs. Native App {PART} 2 - Hybrid Approach},
	url = {http://www.itexico.com/blog/bid/92633/Mobile-Development-Web-App-vs-Native-App-PART-2-Hybrid-Approach},
	urldate = {2013-05-03},
	howpublished = {{http://www.itexico.com/blog/bid/92633/Mobile-Development-Web-App-vs-Native-App-PART-2-Hybrid-Approach}},
	file = {Mobile Development: Web App vs. Native App PART 2 - Hybrid Approach:/home/helleste/.mozilla/firefox/oml1nlzd.default/zotero/storage/6QWQNFG4/Mobile-Development-Web-App-vs-Native-App-PART-2-Hybrid-Approach.html:text/html}
}