@misc{gartner_says_50,
	title = {Gartner Says by 2016, More Than 50 Percent of Mobile Apps Deployed Will be Hybrid},
	url = {http://www.gartner.com/newsroom/id/2324917},
	urldate = {2013-05-02},
	file = {Gartner Says by 2016, More Than 50 Percent of Mobile Apps Deployed Will be Hybrid:/home/helleste/.mozilla/firefox/oml1nlzd.default/zotero/storage/GGUPVXJC/2324917.html:text/html}
},

@misc{what_is_hybrid_app,
	title = {What is a Hybrid Mobile App?},
	url = {http://www.icenium.com/community/blog/icenium-team-blog/2012/06/14/what-is-a-hybrid-mobile-app-},
	urldate = {2013-05-02},
	file = {What is a Hybrid Mobile App?:/home/helleste/.mozilla/firefox/oml1nlzd.default/zotero/storage/BZRZ7FQX/what-is-a-hybrid-mobile-app-.html:text/html}
},

@misc{hybrid_mobile_app_measurement,
	title = {Hybrid Mobile App Measurement – Webtrends Blog},
	url = {http://blogs.webtrends.com/2012/10/hybrid-mobile-app-measurement/},
	urldate = {2013-05-02},
	file = {Hybrid Mobile App Measurement – Webtrends Blog:/home/helleste/.mozilla/firefox/oml1nlzd.default/zotero/storage/GMFEI6QP/hybrid-mobile-app-measurement.html:text/html}
},

@misc{bii_hybrid_apps_report,
	title = {{BII} {REPORT:} How Hybrid Apps Are Accelerating {HTML5} Adoption - Business Insider},
	url = {http://www.businessinsider.com/bii-report-how-hybrid-apps-are-accelerating-html5-adoption-2012-11},
	urldate = {2013-05-02},
	file = {BII REPORT: How Hybrid Apps Are Accelerating HTML5 Adoption - Business Insider:/home/helleste/.mozilla/firefox/oml1nlzd.default/zotero/storage/PEF373GU/bii-report-how-hybrid-apps-are-accelerating-html5-adoption-2012-11.html:text/html}
},

@misc{html5_rise_hybrid_apps,
	title = {{HTML5} and the Rise of Hybrid Apps {\textbar} Brightcove Blog},
	url = {http://blog.brightcove.com/en/2011/11/html5-and-rise-hybrid-apps},
	urldate = {2013-05-02},
	file = {HTML5 and the Rise of Hybrid Apps | Brightcove Blog:/home/helleste/.mozilla/firefox/oml1nlzd.default/zotero/storage/UXNS3ZTX/html5-and-rise-hybrid-apps.html:text/html}
},

@misc{hybrid_app_technology_overview,
	title = {Rise of the "Hybrid" Mobile App {\textbar} {MIT} Technology Review},
	url = {http://www.technologyreview.com/news/424328/rise-of-the-hybrid-mobile-app/},
	urldate = {2013-05-02},
	file = {Rise of the "Hybrid" Mobile App | MIT Technology Review:/home/helleste/.mozilla/firefox/oml1nlzd.default/zotero/storage/CCGAJVKE/rise-of-the-hybrid-mobile-app.html:text/html}
},

@MANUAL{ibm_worklight_overview,
	title = "IBM Worklight V5.0.6 Technology overview",
	organization = "IBM",
},

@misc{primer_on_hybrid_apps,
	title = {A Primer on Hybrid Apps for {iOS} - Cocoa Controls},
	url = {https://www.cocoacontrols.com/posts/a-primer-on-hybrid-apps-for-ios},
	urldate = {2013-05-02},
	file = {A Primer on Hybrid Apps for iOS - Cocoa Controls:/home/helleste/.mozilla/firefox/oml1nlzd.default/zotero/storage/CTF6Q23U/a-primer-on-hybrid-apps-for-ios.html:text/html}
},

@misc{ios_for_html5_developer,
	title = {{iPhone} 5 and {iOS} 6 for {HTML5} developers, a big step forward: web inspector, new {APIs} and more {\textbar} Breaking the Mobile Web},
	url = {http://www.mobilexweb.com/blog/iphone-5-ios-6-html5-developers},
	urldate = {2013-05-02},
	file = {iPhone 5 and iOS 6 for HTML5 developers, a big step forward: web inspector, new APIs and more | Breaking the Mobile Web:/home/helleste/.mozilla/firefox/oml1nlzd.default/zotero/storage/HNGMVIUE/iphone-5-ios-6-html5-developers.html:text/html}
},

@misc{dissecting_phonegap_architecture,
	title = {Dissecting Phonegap's architecture - Agiliq Blog {\textbar} Django web app development},
	url = {http://agiliq.com/blog/2012/09/dissecting-phonegaps-architecture/},
	urldate = {2013-05-02},
	file = {Dissecting Phonegap's architecture - Agiliq Blog | Django web app development:/home/helleste/.mozilla/firefox/oml1nlzd.default/zotero/storage/BUNKEJQD/dissecting-phonegaps-architecture.html:text/html}
},

@misc{javascript_for_native_widgets,
	title = {{JavaScript} {API} for native widgets on {iOS}, Android {\textbar} {MoSync} {Guide/Tutorial}},
	url = {http://www.mosync.com/documentation/manualpages/jsnativeui-library},
	urldate = {2013-05-02},
	file = {JavaScript API for native widgets on iOS, Android | MoSync Guide/Tutorial:/home/helleste/.mozilla/firefox/oml1nlzd.default/zotero/storage/TAAMZ5JI/jsnativeui-library.html:text/html}
}