
@misc{what_is_app,
	title = {What is a Mobile Application? - Definition from Techopedia},
	url = {http://www.techopedia.com/definition/2953/mobile-application-mobile-app},
	abstract = {Mobile Application Mobile App Definition - A mobile application, most commonly referred to as an app, is a type of application software designed to run on...},
	howpublished = {http://www.techopedia.com/definition/2953/mobile-application-mobile-app}
}

@misc{_windows_????,
	title = {Windows Phone Marketplace vs {iOS} App Store: App Price Distribution {\textbar} {UNTETHER.tv}},
	url = {http://untether.tv/2012/windows-phone-marketplace-vs-ios-app-store-app-price-distribution/},
	abstract = {A comparison between the Windows Phone Marketplace and {iOS} App Store shows more and more apps are going free or dirt cheap.},
	howpublished = {http://untether.tv/2012/windows-phone-marketplace-vs-ios-app-store-app-price-distribution/}
}

@misc{_why_????,
	title = {Why {HTML5} is the new Java {\textbar} {TechCentral}},
	url = {http://www.techcentral.co.za/why-html5-is-the-new-java/24835/},
	abstract = {Wora is an acronym coined by Sun Microsystems more than a decade ago to describe the benefits of a new programming language it created called Java. At the time, every compiled programming language needed to be recompiled on every platform},
	howpublished = {http://www.techcentral.co.za/why-html5-is-the-new-java/24835/}
}