@misc{mobile_devices_definition,
	title = {Mobile Devices: Definition And Security Issues (Part 1 of 5) {\textbar} {InformIT}},
	url = {http://www.informit.com/blogs/blog.aspx?uk=Mobile-Devices-Definition-And-Security-Issues-Part-1-of-5},
	urldate = {2013-04-29},
	file = {Mobile Devices: Definition And Security Issues (Part 1 of 5) | InformIT:/home/helleste/.mozilla/firefox/oml1nlzd.default/zotero/storage/DZ7VPT2V/blog.html:text/html}
},

@misc{bbc_inventor_of_mobile_phone,
	title = {{BBC} News - Meet Marty Cooper - the inventor of the mobile phone},
	url = {http://news.bbc.co.uk/2/hi/programmes/click_online/8639590.stm},
	urldate = {2013-04-29},
	file = {BBC News - Meet Marty Cooper - the inventor of the mobile phone:/home/helleste/.mozilla/firefox/oml1nlzd.default/zotero/storage/2DJ6ASD5/8639590.html:text/html}
},

@misc{motorola_dynatac,
	title = {Motorola Milestones: The Motorola {DynaTAC}, the world's first commercial handheld cellular phone {\textbar} The Official Motorola Blog - Motorola Mobility, Inc. {USA}},
	url = {http://www.motorola.com/blog/2012/04/04/motorola-dynatac/},
	urldate = {2013-04-29},
	file = {Motorola Milestones: The Motorola DynaTAC, the world's first commercial handheld cellular phone | The Official Motorola Blog - Motorola Mobility, Inc. USA:/home/helleste/.mozilla/firefox/oml1nlzd.default/zotero/storage/2KM7SI7D/motorola-dynatac.html:text/html}
},

@MANUAL{ericsson_report_web,
    title = "Traffic and Market Data Report",
    organization = "Ericsson",
    url = "http://www.ericsson.com/res/docs/2012/tmd_report_feb_web.pdf",
    key = "TrafficMarketDataReport",
},

@misc{csu_informacni_technologie_v_domacnostech,
	title = {Informační technologie v domácnostech a mezi jednotlivci {\textbar} {ČSÚ}},
	url = {http://www.czso.cz/csu/redakce.nsf/i/domacnosti_a_jednotlivci},
	urldate = {2013-04-29},
	file = {Informační technologie v domácnostech a mezi jednotlivci | ČSÚ:/home/helleste/.mozilla/firefox/oml1nlzd.default/zotero/storage/7A9CQ6MM/domacnosti_a_jednotlivci.html:text/html}
},

@misc{gartner_smartphone_definition,
	title = {Smartphone Definition {\textbar} Gartner},
	url = {http://www.gartner.com/it-glossary/smartphone/},
	urldate = {2013-04-29},
	file = {Smartphone Definition | Gartner:/home/helleste/.mozilla/firefox/oml1nlzd.default/zotero/storage/ZHQHXR4R/smartphone.html:text/html}
},

@misc{simon,
	title = {Before {IPhone} and Android Came Simon, the First Smartphone - Businessweek},
	url = {http://www.businessweek.com/articles/2012-06-29/before-iphone-and-android-came-simon-the-first-smartphone\#p2},
	urldate = {2013-04-29},
	file = {Before IPhone and Android Came Simon, the First Smartphone - Businessweek:/home/helleste/.mozilla/firefox/oml1nlzd.default/zotero/storage/UAQJVZPK/before-iphone-and-android-came-simon-the-first-smartphone.html:text/html}
},

@misc{history_of_the_smartphone,
	title = {The History of the Smartphone - The Next Web},
	url = {http://thenextweb.com/mobile/2011/12/06/the-history-of-the-smartphone/},
	urldate = {2013-04-29},
	file = {The History of the Smartphone - The Next Web:/home/helleste/.mozilla/firefox/oml1nlzd.default/zotero/storage/E5MK2WBM/the-history-of-the-smartphone.html:text/html}
},

@misc{apple_unveils_iPhone,
	title = {Apple unveils {iPhone} {\textbar} Macworld},
	url = {http://www.macworld.com/article/1054769/iphone.html},
	urldate = {2013-04-29},
	file = {Apple unveils iPhone | Macworld:/home/helleste/.mozilla/firefox/oml1nlzd.default/zotero/storage/CHXX5KBN/iphone.html:text/html}
},

@misc{smartphone_demand_idc,
	title = {Strong Demand for Smartphones in Second Quarter Continues to Drive the Worldwide Mobile Phone Market, According to IDC},
	url = {http://www.idc.com/getdoc.jsp?containerId=prUS23624612\#.UOszhNEWVsp},
	urldate = {2013-04-29},
	file = {- prUS23624612:/home/helleste/.mozilla/firefox/oml1nlzd.default/zotero/storage/2WJWFJGQ/getdoc.html:text/html}
},

@misc{google_buys_android,
	title = {Google Buys Android for Its Mobile Arsenal - Businessweek},
	url = {http://www.businessweek.com/stories/2005-08-16/google-buys-android-for-its-mobile-arsenal},
	urldate = {2013-04-29},
	file = {Google Buys Android for Its Mobile Arsenal - Businessweek:/home/helleste/.mozilla/firefox/oml1nlzd.default/zotero/storage/R4894T6J/google-buys-android-for-its-mobile-arsenal.html:text/html}
},

@misc{android_announce,
	title = {Industry Leaders Announce Open Platform for Mobile Devices {\textbar} Open Handset Alliance},
	url = {http://www.openhandsetalliance.com/press_110507.html},
	urldate = {2013-04-29},
	file = {Industry Leaders Announce Open Platform for Mobile Devices | Open Handset Alliance:/home/helleste/.mozilla/firefox/oml1nlzd.default/zotero/storage/M74E7BN4/press_110507.html:text/html}
},

@misc{android_overview,
	title = {Android Overview {\textbar} Open Handset Alliance},
	url = {http://www.openhandsetalliance.com/android_overview.html},
	urldate = {2013-04-29},
	file = {Android Overview | Open Handset Alliance:/home/helleste/.mozilla/firefox/oml1nlzd.default/zotero/storage/8PNDZI55/android_overview.html:text/html}
},

@misc{google_play_25bil,
	title = {Google Play hits 25 billion downloads {\textbar} Official Android Blog},
	url = {http://officialandroid.blogspot.ca/2012/09/google-play-hits-25-billion-downloads.html},
	urldate = {2013-04-29},
	file = {Google Play hits 25 billion downloads | Official Android Blog:/home/helleste/.mozilla/firefox/oml1nlzd.default/zotero/storage/TZ2U9G6H/google-play-hits-25-billion-downloads.html:text/html}
},

@misc{AppStore_700k,
	title = {{iOS} App Store Boasts {700K} Apps, 90\% Downloaded Every Month {\textbar} {TechCrunch}},
	url = {http://techcrunch.com/2012/09/12/ios-app-store-boasts-700k-apps-90-downloaded-every-month/},
	urldate = {2013-04-29},
	file = {iOS App Store Boasts 700K Apps, 90% Downloaded Every Month | TechCrunch:/home/helleste/.mozilla/firefox/oml1nlzd.default/zotero/storage/RQ6AWS9D/ios-app-store-boasts-700k-apps-90-downloaded-every-month.html:text/html}
},

@misc{ms_announce_wp,
	title = {{MWC} 2010: Microsoft announces Windows Phone 7 Series with Xbox and Zune integration {\textbar} {ZDNet}},
	url = {http://www.zdnet.com/blog/cell-phones/mwc-2010-microsoft-announces-windows-phone-7-series-with-xbox-and-zune-integration/3091},
	urldate = {2013-04-29},
	file = {MWC 2010: Microsoft announces Windows Phone 7 Series with Xbox and Zune integration | ZDNet:/home/helleste/.mozilla/firefox/oml1nlzd.default/zotero/storage/9XJF457R/3091.html:text/html}
},

@misc{ms_unveils_wp8,
	title = {Microsoft Unveils Windows Phone 8},
	url = {http://www.microsoft.com/en-us/news/press/2012/oct12/10-29windowsphone8pr.aspx},
	urldate = {2013-04-29},
	file = {Microsoft Unveils Windows Phone 8:/home/helleste/.mozilla/firefox/oml1nlzd.default/zotero/storage/W3C97QP7/10-29windowsphone8pr.html:text/html}
},

@misc{booting_to_the_web,
	title = {Booting to the Web – Skupiny Google},
	url = {https://groups.google.com/forum/?fromgroups=\#!topic/mozilla.dev.platform/dmip1GpD5II\%5B1-25-false\%5D},
	urldate = {2013-04-29},
	file = {Booting to the Web – Skupiny Google:/home/helleste/.mozilla/firefox/oml1nlzd.default/zotero/storage/C56QAICX/forum.html:text/html}
},

@misc{ztes_first_firefoxos,
	title = {{ZTE's} first Firefox {OS} devices to launch in first quarter {\textbar} Mobile - {CNET} News},
	url = {http://news.cnet.com/8301-1035_3-57515945-94/ztes-first-firefox-os-devices-to-launch-in-first-quarter/},
	urldate = {2013-04-29},
	file = {ZTE's first Firefox OS devices to launch in first quarter | Mobile - CNET News:/home/helleste/.mozilla/firefox/oml1nlzd.default/zotero/storage/7RQ8V6T9/ztes-first-firefox-os-devices-to-launch-in-first-quarter.html:text/html}
},

@misc{android_and_ios_record,
	title = {Android and {iOS} Surge to New Smartphone {OS} Record in Second Quarter, According to {IDC}},
	url = {http://www.idc.com/getdoc.jsp?containerId=prUS23638712\#.UOszA9EWVsp},
	urldate = {2013-04-29},
	file = {Android and iOS Surge to New Smartphone OS Record in Second Quarter, According to IDC - prUS23638712:/home/helleste/.mozilla/firefox/oml1nlzd.default/zotero/storage/VNJ3UBBR/getdoc.html:text/html}
},

@misc{app_word_of_the_year,
	title = {» {“App”} voted 2010 word of the year by the American Dialect Society ({UPDATED)} American Dialect Society},
	url = {http://www.americandialect.org/app-voted-2010-word-of-the-year-by-the-american-dialect-society-updated},
	urldate = {2013-04-29},
	file = {» “App” voted 2010 word of the year by the American Dialect Society (UPDATED) American Dialect Society:/home/helleste/.mozilla/firefox/oml1nlzd.default/zotero/storage/K2Q3IH7G/app-voted-2010-word-of-the-year-by-the-american-dialect-society-updated.html:text/html}
},

@misc{mobile_app_usage_statistics,
	title = {Mobile App Usage Statistics 2012 [Infographic] {\textbar} {AnsonAlex}},
	url = {http://ansonalex.com/infographics/mobile-app-usage-statistics-2012-infographic/},
	urldate = {2013-04-29},
	file = {Mobile App Usage Statistics 2012 [Infographic] | AnsonAlex:/home/helleste/.mozilla/firefox/oml1nlzd.default/zotero/storage/BP4T5V2P/mobile-app-usage-statistics-2012-infographic.html:text/html}
},

@misc{comscore_report_may,
	title = {{comScore} Reports May 2012 {U.S.} Mobile Subscriber Market Share - {comScore}, Inc},
	url = {http://www.comscore.com/Insights/Press_Releases/2012/7/comScore_Reports_May_2012_U.S._Mobile_Subscriber_Market_Share},
	urldate = {2013-04-29},
	file = {comScore Reports May 2012 U.S. Mobile Subscriber Market Share - comScore, Inc:/home/helleste/.mozilla/firefox/oml1nlzd.default/zotero/storage/9UKSFHKB/comScore_Reports_May_2012_U.S.html:text/html}
},

@misc{app_store_metrics,
	title = {{148Apps.biz} {\textbar} Apple {iTunes} App Store Metrics, Statistics and Numbers for {iPhone} Apps},
	url = {http://148apps.biz/app-store-metrics/},
	urldate = {2013-04-29},
	file = {148Apps.biz | Apple iTunes App Store Metrics, Statistics and Numbers for iPhone Apps:/home/helleste/.mozilla/firefox/oml1nlzd.default/zotero/storage/HZ8TUIME/app-store-metrics.html:text/html}
},

@misc{desitka_nej_aplikaci_android,
	title = {Desítka nejpoužívanějších aplikací pro Android a {iPhone} - Root.cz},
	url = {http://www.root.cz/zpravicky/desitka-nejpouzivanejsich-aplikaci-pro-android-a-iphone/\#utm_source=rss&utm_medium=text&utm_campaign=rss},
	urldate = {2013-04-29},
	file = {Desítka nejpoužívanějších aplikací pro Android a iPhone - Root.cz:/home/helleste/.mozilla/firefox/oml1nlzd.default/zotero/storage/UTIZD36Z/desitka-nejpouzivanejsich-aplikaci-pro-android-a-iphone.html:text/html}
},

@misc{forbes_business_checklist,
	title = {Your Business Checklist: A Website, A Phone Number, A Mobile App - Forbes},
	url = {http://www.forbes.com/sites/quickerbettertech/2012/05/07/your-business-checklist-a-website-a-phone-number-a-mobile-app/2/},
	urldate = {2013-04-29},
	file = {Your Business Checklist: A Website, A Phone Number, A Mobile App - Forbes:/home/helleste/.mozilla/firefox/oml1nlzd.default/zotero/storage/5U4F5XMZ/2.html:text/html}
},

@misc{distribute_your_app_ios,
	title = {Distribute your App - {iOS} Developer Program - Apple Developer},
	url = {https://developer.apple.com/programs/ios/distribute.html},
	urldate = {2013-04-29},
	file = {Distribute your App - iOS Developer Program - Apple Developer:/home/helleste/.mozilla/firefox/oml1nlzd.default/zotero/storage/9VPV2X7Q/distribute.html:text/html}
},

@misc{apple_names_top_apps,
	title = {Apple Names All-Time Top App Store Apps - The Mac Observer},
	url = {http://www.macobserver.com/tmo/article/apple_names_all-time_top_app_store_apps/},
	urldate = {2013-04-29},
	file = {Apple Names All-Time Top App Store Apps - The Mac Observer:/home/helleste/.mozilla/firefox/oml1nlzd.default/zotero/storage/8V7WP6U8/apple_names_all-time_top_app_store_apps.html:text/html}
},

@misc{google_says_700k_apps,
	title = {Google Says 700,000 Applications Available for Android - Businessweek},
	url = {http://www.businessweek.com/news/2012-10-29/google-says-700-000-applications-available-for-android-devices},
	urldate = {2013-04-29},
	file = {Google Says 700,000 Applications Available for Android - Businessweek:/home/helleste/.mozilla/firefox/oml1nlzd.default/zotero/storage/U79UJKF6/google-says-700-000-applications-available-for-android-devices.html:text/html}
},

@misc{new_android_trojan,
	title = {New Android Trojan Found in Google Play {\textbar} News \& Opinion {\textbar} {PCMag.com}},
	url = {http://www.pcmag.com/article2/0,2817,2411163,00.asp},
	urldate = {2013-04-29},
	file = {New Android Trojan Found in Google Play | News & Opinion | PCMag.com:/home/helleste/.mozilla/firefox/oml1nlzd.default/zotero/storage/UQJQG8FT/0,2817,2411163,00.html:text/html}
},

@misc{transaction_fees_android,
	title = {Transaction Fees - Android Developer Help},
	url = {https://support.google.com/googleplay/android-developer/answer/112622?hl=en&topic=15867&ctx=topic},
	urldate = {2013-04-29},
	file = {Transaction Fees - Android Developer Help:/home/helleste/.mozilla/firefox/oml1nlzd.default/zotero/storage/CTBI7W3H/112622.html:text/html}
},

@misc{wp_right_mix,
	title = {The Right {MIX}},
	url = {http://blogs.windows.com/windows_phone/b/wpdev/archive/2010/03/15/the-right-mix.aspx},
	urldate = {2013-04-29},
	file = {The Right MIX:/home/helleste/.mozilla/firefox/oml1nlzd.default/zotero/storage/FUSSA5VU/the-right-mix.html:text/html}
}