@misc{kernel_ios,
	title = {Kernel - The {iPhone} Wiki},
	url = {http://theiphonewiki.com/wiki/Kernel},
	urldate = {2013-04-30},
	file = {Kernel - The iPhone Wiki:/home/helleste/.mozilla/firefox/oml1nlzd.default/zotero/storage/CTAZJQUM/Kernel.html:text/html}
},

@misc{what_is_darwin,
	title = {{MacDevCenter.com}},
	url = {http://www.macdevcenter.com/pub/a/mac/2005/09/27/what-is-darwin.html},
	urldate = {2013-04-30},
	file = {MacDevCenter.com:/home/helleste/.mozilla/firefox/oml1nlzd.default/zotero/storage/2QIZ6MBB/what-is-darwin.html:text/html}
},

@MastersThesis{bp_dominik,
	address = {Praha},
	type = {Bakalářská práce},
	title = {Skládání fotografií pro platformu {iPhone}},
	school = {{ČVUT} v Praze, Fakulta informačních technologií},
	author = {Dominik Veselý},
	year = {2012},
	OPTkey = {},
	OPTtype = {},
	OPTaddress = {},
	OPTmonth = {},
	OPTnote = {DRAFT},
	OPTannote = {}
},

@misc{ios_technology_overview,
	title = {{iOS} Technology Overview: About the {iOS} Technologies},
	url = {http://developer.apple.com/library/ios/\#documentation/miscellaneous/conceptual/iphoneostechoverview/Introduction/Introduction.html},
	urldate = {2013-04-30},
	file = {iOS Technology Overview: About the iOS Technologies:/home/helleste/.mozilla/firefox/oml1nlzd.default/zotero/storage/K9DU6FZQ/ios.html:text/html}
},

@misc{introduction_ios_development,
	title = {Introduction to {iOS} Development: An Overview of Objective-C {\textbar} {TechnoBuffalo}},
	url = {http://www.technobuffalo.com/2011/03/27/introduction-to-ios-development-an-overview-of-objective-c/},
	urldate = {2013-04-30},
	file = {Introduction to iOS Development: An Overview of Objective-C | TechnoBuffalo:/home/helleste/.mozilla/firefox/oml1nlzd.default/zotero/storage/N3R2M3BG/introduction-to-ios-development-an-overview-of-objective-c.html:text/html}
},

@misc{xamarin_monotouch,
	title = {{Xamarin.iOS} - formerly {MonoTouch} - Create amazing {iOS} apps with C\# and {.NET}},
	url = {http://xamarin.com/monotouch},
	urldate = {2013-04-30},
	file = {Xamarin.iOS - formerly MonoTouch - Create amazing iOS apps with C\# and .NET:/home/helleste/.mozilla/firefox/oml1nlzd.default/zotero/storage/EBT5PX7M/monotouch.html:text/html}
},

@misc{distribute_ios_app,
	title = {Distribute your App - {iOS} Developer Program - Apple Developer},
	url = {https://developer.apple.com/programs/ios/distribute.html},
	urldate = {2013-04-30},
	file = {Distribute your App - iOS Developer Program - Apple Developer:/home/helleste/.mozilla/firefox/oml1nlzd.default/zotero/storage/7X7CNGSJ/distribute.html:text/html}
},

@misc{android_architecture,
	title = {Android Architecture - The Key Concepts of Android {OS}},
	url = {http://www.android-app-market.com/android-architecture.html},
	urldate = {2013-04-30},
	file = {Android Architecture - The Key Concepts of Android OS:/home/helleste/.mozilla/firefox/oml1nlzd.default/zotero/storage/VJASCRHB/android-architecture.html:text/html}
},

@misc{introduction_android_development,
	title = {Introduction to Android development},
	url = {http://www.ibm.com/developerworks/library/os-android-devel/},
	urldate = {2013-04-30},
	file = {Introduction to Android development:/home/helleste/.mozilla/firefox/oml1nlzd.default/zotero/storage/N9NMX28S/os-android-devel.html:text/html}
},

@misc{tiobe_software,
	title = {{TIOBE} Software: Tiobe Index},
	url = {http://www.tiobe.com/index.php/content/paperinfo/tpci/index.html},
	urldate = {2013-04-30},
	file = {TIOBE Software: Tiobe Index:/home/helleste/.mozilla/firefox/oml1nlzd.default/zotero/storage/4ZE9RZ95/index.html:text/html}
},

@misc{understanding_jvm_internals,
	title = {Understanding {JVM} Internals {\textbar} {CUBRID} Blog},
	url = {http://www.cubrid.org/blog/dev-platform/understanding-jvm-internals/},
	urldate = {2013-04-30},
	file = {Understanding JVM Internals | CUBRID Blog:/home/helleste/.mozilla/firefox/oml1nlzd.default/zotero/storage/B6IUMQ9C/understanding-jvm-internals.html:text/html}
},

@misc{announcing_wp8,
	title = {Announcing Windows Phone 8},
	url = {http://blogs.windows.com/windows_phone/b/windowsphone/archive/2012/06/20/announcing-windows-phone-8.aspx},
	urldate = {2013-04-30},
	file = {Announcing Windows Phone 8:/home/helleste/.mozilla/firefox/oml1nlzd.default/zotero/storage/QD525DJC/announcing-windows-phone-8.html:text/html}
},

@misc{wp8_kernel_architecture,
	title = {Windows Phone 8 Kernel Architecture {\textbar} {.NET} Junkyard},
	url = {http://j4ni.com/blog/?p=107},
	urldate = {2013-04-30},
	file = {Windows Phone 8 Kernel Architecture | .NET Junkyard:/home/helleste/.mozilla/firefox/oml1nlzd.default/zotero/storage/NH52DFTW/blog.html:text/html}
},

@misc{wp8_compile_cloud,
	title = {Windows Phone 8: Compile in the Cloud},
	url = {http://www.silverlightshow.net/items/Windows-Phone-8-Compile-in-the-Cloud.aspx},
	urldate = {2013-04-30},
	file = {Windows Phone 8: Compile in the Cloud:/home/helleste/.mozilla/firefox/oml1nlzd.default/zotero/storage/FX2N4DEB/Windows-Phone-8-Compile-in-the-Cloud.html:text/html}
},

@misc{fxOs_architecture,
	title = {Firefox {OS} architecture - Mozilla {\textbar} {MDN}},
	url = {https://developer.mozilla.org/en-US/docs/Mozilla/Firefox_OS/Platform/Architecture?redirectlocale=en-US&redirectslug=Mozilla\%2FFirefox_OS\%2FArchitecture},
	urldate = {2013-04-30},
	file = {Firefox OS architecture - Mozilla | MDN:/home/helleste/.mozilla/firefox/oml1nlzd.default/zotero/storage/P999J2VP/Architecture.html:text/html}
},

@misc{faqs_mozilla,
	title = {{FAQs} about apps - Apps {\textbar} {MDN}},
	url = {https://developer.mozilla.org/en-US/docs/Apps/FAQs/About_apps},
	urldate = {2013-04-30},
	file = {FAQs about apps - Apps | MDN:/home/helleste/.mozilla/firefox/oml1nlzd.default/zotero/storage/TR5S8SV8/About_apps.html:text/html}
},

@misc{apps_architecture,
	title = {Apps architecture - Apps {\textbar} {MDN}},
	url = {https://developer.mozilla.org/en-US/docs/Apps/Architecture?redirectlocale=en-US&redirectslug=Apps\%2FApps_architecture},
	urldate = {2013-04-30},
	file = {Apps architecture - Apps | MDN:/home/helleste/.mozilla/firefox/oml1nlzd.default/zotero/storage/XSZJARZ5/Architecture.html:text/html}
},

@misc{announcing_fxOS_simulator,
	title = {Announcing the prototype Firefox {OS} Simulator Mozilla Hacks – the Web developer blog},
	url = {https://hacks.mozilla.org/2012/11/announcing-the-prototype-firefox-os-simulator/},
	urldate = {2013-04-30},
	file = {Announcing the prototype Firefox OS Simulator Mozilla Hacks – the Web developer blog:/home/helleste/.mozilla/firefox/oml1nlzd.default/zotero/storage/PWITT463/announcing-the-prototype-firefox-os-simulator.html:text/html}
}