@misc{why_html5_java,
	title = {Why {HTML5} is the new Java {\textbar} {TechCentral}},
	url = {http://www.techcentral.co.za/why-html5-is-the-new-java/24835/},
	urldate = {2013-05-02},
	file = {Why HTML5 is the new Java | TechCentral:/home/helleste/.mozilla/firefox/oml1nlzd.default/zotero/storage/JPUEIWXC/24835.html:text/html}
},

@misc{visionmobile_survey,
	title = {[Survey] Which are the best cross-platform tools? {\textbar} {VisionMobile}},
	url = {http://www.visionmobile.com/blog/2011/11/new-survey-which-are-the-best-cross-platform-tools/},
	urldate = {2013-05-02},
	file = {[Survey] Which are the best cross-platform tools? | VisionMobile:/home/helleste/.mozilla/firefox/oml1nlzd.default/zotero/storage/MEBFNSJX/new-survey-which-are-the-best-cross-platform-tools.html:text/html}
},

@misc{thoughts_on_flash,
	title = {Thoughts on Flash},
	url = {http://www.apple.com/hotnews/thoughts-on-flash/},
	urldate = {2013-05-02},
	file = {Thoughts on Flash:/home/helleste/.mozilla/firefox/oml1nlzd.default/zotero/storage/C7IQ6QCK/thoughts-on-flash.html:text/html}
},

@misc{architecture_titanium,
	title = {Architecture Diagrams · {TideSDK/TideSDK} Wiki},
	url = {https://github.com/TideSDK/TideSDK/wiki/Architecture-Diagrams},
	urldate = {2013-05-02},
	file = {Architecture Diagrams · TideSDK/TideSDK Wiki:/home/helleste/.mozilla/firefox/oml1nlzd.default/zotero/storage/J56S2KWX/Architecture-Diagrams.html:text/html}
},

@misc{marmalade,
	title = {Mobile Applications Development, {iPhone} \& Android App Development {\textbar} Marmalade},
	url = {http://www.madewithmarmalade.com/marmaladesdk/supported-platforms},
	urldate = {2013-05-02},
	file = {Mobile Applications Development, iPhone & Android App Development | Marmalade:/home/helleste/.mozilla/firefox/oml1nlzd.default/zotero/storage/JGIDSA6D/supported-platforms.html:text/html}
},

@misc{appcelerator_features,
	title = {Key Features {\textbar} Appcelerator Cloud Services},
	url = {http://www.appcelerator.com/cloud/key-features/},
	urldate = {2013-05-02},
	file = {Key Features | Appcelerator Cloud Services:/home/helleste/.mozilla/firefox/oml1nlzd.default/zotero/storage/JT9H8529/key-features.html:text/html}
},

@misc{building_apps_titanium,
	title = {Building Mobile Applications with Titanium - Documentation \& Guides - Appcelerator Wiki},
	url = {https://wiki.appcelerator.org/display/guides/Building+Mobile+Applications+with+Titanium},
	urldate = {2013-05-02},
	file = {Building Mobile Applications with Titanium - Documentation & Guides - Appcelerator Wiki:/home/helleste/.mozilla/firefox/oml1nlzd.default/zotero/storage/RVMFTNRQ/Building+Mobile+Applications+with+Titanium.html:text/html}
},

@misc{appcelerator_vs_phonegap,
	title = {Appcelerator Titanium vs. Phonegap: Which is the better Mobile Development Platform? {\textbar} Mobile Zone},
	url = {http://mobile.dzone.com/news/appcelerator-titanium-vs},
	urldate = {2013-05-02},
	file = {Appcelerator Titanium vs. Phonegap: Which is the better Mobile Development Platform? | Mobile Zone:/home/helleste/.mozilla/firefox/oml1nlzd.default/zotero/storage/CB57DVAZ/appcelerator-titanium-vs.html:text/html}
}