@misc{phonegap_announcement,
	title = {{PhoneGap} {\textbar} Unofficial announcement of {PhoneGap}},
	url = {http://phonegap.com/2008/08/07/unofficial-announcement-of-phonegap/},
	urldate = {2013-05-03},
	file = {PhoneGap | Unofficial announcement of PhoneGap:/home/helleste/.mozilla/firefox/oml1nlzd.default/zotero/storage/4ANXJW83/unofficial-announcement-of-phonegap.html:text/html}
},

@misc{phonegap_iphone_exposed,
	title = {{PhoneGap} {\textbar} {PhoneGap} for {iPhone} exposed},
	url = {http://phonegap.com/2009/11/04/phonegap-for-iphone-exposed/},
	urldate = {2013-05-03},
	file = {PhoneGap | PhoneGap for iPhone exposed:/home/helleste/.mozilla/firefox/oml1nlzd.default/zotero/storage/68IXWRAI/phonegap-for-iphone-exposed.html:text/html}
},

@misc{open_letter_to_apple,
	title = {Open letter to Apple {iPhone} Developer Support {\textbar} {iOS/Web} Developer's Life in Beta},
	url = {http://nachbaur.com/blog/open-letter-to-apple-iphone-developer-support},
	urldate = {2013-05-03},
	file = {Open letter to Apple iPhone Developer Support | iOS/Web Developer's Life in Beta:/home/helleste/.mozilla/firefox/oml1nlzd.default/zotero/storage/JTSA9FKD/open-letter-to-apple-iphone-developer-support.html:text/html}
},

@misc{updates_on_apple,
	title = {Updates on Apple / {PhoneGap} {\textbar} {iOS/Web} Developer's Life in Beta},
	url = {http://nachbaur.com/blog/updates-on-apple-phonegap},
	urldate = {2013-05-03},
	file = {Updates on Apple / PhoneGap | iOS/Web Developer's Life in Beta:/home/helleste/.mozilla/firefox/oml1nlzd.default/zotero/storage/3TC4KUHB/updates-on-apple-phonegap.html:text/html}
},

@misc{phonegap_permitted_appstore,
	title = {{PhoneGap} officially permitted on the App Store {\textbar} {iOS/Web} Developer's Life in Beta},
	url = {http://nachbaur.com/blog/phonegap-officially-permitted-on-the-app-store},
	urldate = {2013-05-03},
	file = {PhoneGap officially permitted on the App Store | iOS/Web Developer's Life in Beta:/home/helleste/.mozilla/firefox/oml1nlzd.default/zotero/storage/4JEICGXR/phonegap-officially-permitted-on-the-app-store.html:text/html}
},

@misc{phonegap_store_approval,
	title = {{PhoneGap} {\textbar} {PhoneGApp} Store Approval},
	url = {http://phonegap.com/2009/11/20/phonegapp-store-approval/},
	urldate = {2013-05-03},
	file = {PhoneGap | PhoneGApp Store Approval:/home/helleste/.mozilla/firefox/oml1nlzd.default/zotero/storage/VVMZCSFI/phonegapp-store-approval.html:text/html}
},

@misc{announcing_phonegap_build_beta,
	title = {{PhoneGap} {\textbar} Announcing the {PhoneGap} Build Beta},
	url = {http://phonegap.com/2010/11/09/announcing-the-phonegap-build-beta/},
	urldate = {2013-05-03},
	file = {PhoneGap | Announcing the PhoneGap Build Beta:/home/helleste/.mozilla/firefox/oml1nlzd.default/zotero/storage/ZEIAMUT9/announcing-the-phonegap-build-beta.html:text/html}
},

@misc{phonegap_support_available,
	title = {{PhoneGap} {\textbar} Support Subscriptions Now Available!},
	url = {http://phonegap.com/2011/02/25/support-subscriptions-now-available/},
	urldate = {2013-05-03},
	file = {PhoneGap | Support Subscriptions Now Available!:/home/helleste/.mozilla/firefox/oml1nlzd.default/zotero/storage/TXX639MM/support-subscriptions-now-available.html:text/html}
},

@misc{phonegap_for_samsung_bada,
	title = {{PhoneGap} {\textbar} {PhoneGap} for Samsung Bada},
	url = {http://phonegap.com/2011/04/14/phonegap-for-samsung-bada/},
	urldate = {2013-05-03},
	file = {PhoneGap | PhoneGap for Samsung Bada:/home/helleste/.mozilla/firefox/oml1nlzd.default/zotero/storage/GCZ5D3M7/phonegap-for-samsung-bada.html:text/html}
},

@misc{phonegap_alytics,
	title = {{PhoneGap} {\textbar} {PhoneGap-alytics}},
	url = {http://phonegap.com/2011/05/04/phonegap-alytics/},
	urldate = {2013-05-03},
	file = {PhoneGap | PhoneGap-alytics:/home/helleste/.mozilla/firefox/oml1nlzd.default/zotero/storage/263JMCEA/phonegap-alytics.html:text/html}
},

@misc{phonegap_worklight_enterprise,
	title = {{PhoneGap} {\textbar} {PhoneGap} and Worklight Enable Mobile Apps for the Enterprise},
	url = {http://phonegap.com/2011/07/13/phonegap-and-worklight-enable-mobile-apps-for-the-enterprise/},
	urldate = {2013-05-03},
	file = {PhoneGap | PhoneGap and Worklight Enable Mobile Apps for the Enterprise:/home/helleste/.mozilla/firefox/oml1nlzd.default/zotero/storage/S69VJSJ9/phonegap-and-worklight-enable-mobile-apps-for-the-enterprise.html:text/html}
},

@misc{phonegap_1_released,
	title = {{PhoneGap} {\textbar} {PhoneGap} 1.0 Released Today at {PhoneGap} Day in Portland},
	url = {http://phonegap.com/2011/07/29/phonegap-1-0-released-today-at-phonegap-day-in-portland/},
	urldate = {2013-05-03},
	file = {PhoneGap | PhoneGap 1.0 Released Today at PhoneGap Day in Portland:/home/helleste/.mozilla/firefox/oml1nlzd.default/zotero/storage/ZKV5IGTS/phonegap-1-0-released-today-at-phonegap-day-in-portland.html:text/html}
},

@misc{dreamweaver_supports_phonegap,
	title = {{PhoneGap} {\textbar} Adobe Dreamweaver 5.5 Supports {PhoneGap}},
	url = {http://phonegap.com/2011/04/12/adobe-dreamweaver-5-5-supports-phonegap/},
	urldate = {2013-05-03},
	file = {PhoneGap | Adobe Dreamweaver 5.5 Supports PhoneGap:/home/helleste/.mozilla/firefox/oml1nlzd.default/zotero/storage/Q2EPGWIR/adobe-dreamweaver-5-5-supports-phonegap.html:text/html}
},

@misc{phonegao_wp_mango,
	title = {{PhoneGap} {\textbar} Announcing {PhoneGap} for Windows Phone Mango},
	url = {http://phonegap.com/2011/09/08/announcing-phonegap-for-windows-phone-mango/},
	urldate = {2013-05-03},
	file = {PhoneGap | Announcing PhoneGap for Windows Phone Mango:/home/helleste/.mozilla/firefox/oml1nlzd.default/zotero/storage/X6FJ6QH3/announcing-phonegap-for-windows-phone-mango.html:text/html}
},

@misc{phonegap_build_open_beta,
	title = {{PhoneGap} {\textbar} {PhoneGap} Build moves to Open Beta},
	url = {http://phonegap.com/2011/09/30/phonegap-build-moves-to-open-beta/},
	urldate = {2013-05-03},
	file = {PhoneGap | PhoneGap Build moves to Open Beta:/home/helleste/.mozilla/firefox/oml1nlzd.default/zotero/storage/273AVTXR/phonegap-build-moves-to-open-beta.html:text/html}
},

@misc{nitobi_adobe1,
	title = {{PhoneGap} {\textbar} Nitobi enters into Acquisition Agreement with Adobe},
	url = {http://phonegap.com/2011/10/03/nitobi-enters-into-acquisition-agreement-with-adobe/},
	urldate = {2013-05-03},
	file = {PhoneGap | Nitobi enters into Acquisition Agreement with Adobe:/home/helleste/.mozilla/firefox/oml1nlzd.default/zotero/storage/95JQ7QQR/nitobi-enters-into-acquisition-agreement-with-adobe.html:text/html}
},

@misc{nitobi_adobe2,
	title = {{PhoneGap} {\textbar} Day 1: Nitobi joins Adobe},
	url = {http://phonegap.com/2011/10/27/day-1-nitobi-joins-adobe/},
	urldate = {2013-05-03},
	file = {PhoneGap | Day 1: Nitobi joins Adobe:/home/helleste/.mozilla/firefox/oml1nlzd.default/zotero/storage/SK7VS9T7/day-1-nitobi-joins-adobe.html:text/html}
},

@misc{phonegap_13_released,
	title = {{PhoneGap} {\textbar} {PhoneGap} 1.3 Released},
	url = {http://phonegap.com/2011/12/19/phonegap-1-3-released/},
	urldate = {2013-05-03},
	file = {PhoneGap | PhoneGap 1.3 Released:/home/helleste/.mozilla/firefox/oml1nlzd.default/zotero/storage/UT5R486J/phonegap-1-3-released.html:text/html}
},

@misc{phonegao_2012_technology_of_the_year,
	title = {{PhoneGap} {\textbar} Adobe {PhoneGap} named 2012 Technology of the Year by {InfoWorld} Test Center},
	url = {http://phonegap.com/2012/01/09/adobe-phonegap-named-2012-technology-of-the-year-by-infoworld-test-center/},
	urldate = {2013-05-03},
	file = {PhoneGap | Adobe PhoneGap named 2012 Technology of the Year by InfoWorld Test Center:/home/helleste/.mozilla/firefox/oml1nlzd.default/zotero/storage/WN3QHTHX/adobe-phonegap-named-2012-technology-of-the-year-by-infoworld-test-center.html:text/html}
},

@misc{cordova_name,
	title = {{PhoneGap} {\textbar} {PhoneGap}, Cordova, and what’s in a name?},
	url = {http://phonegap.com/2012/03/19/phonegap-cordova-and-what\%E2\%80\%99s-in-a-name/},
	urldate = {2013-05-03},
	file = {PhoneGap | PhoneGap, Cordova, and what’s in a name?:/home/helleste/.mozilla/firefox/oml1nlzd.default/zotero/storage/KBJ4EPSB/phonegap-cordova-and-what’s-in-a-name.html:text/html}
},

@misc{wikipedia_phonegap,
	title = {{PhoneGap} {\textbar} New Wikipedia {iOS} app is powered by {PhoneGap}},
	url = {http://phonegap.com/2012/04/10/new-wikipedia-ios-app-is-powered-by-phonegap/},
	urldate = {2013-05-03},
	file = {PhoneGap | New Wikipedia iOS app is powered by PhoneGap:/home/helleste/.mozilla/firefox/oml1nlzd.default/zotero/storage/ES7U7VKB/new-wikipedia-ios-app-is-powered-by-phonegap.html:text/html}
},

@misc{phonegap_sap,
	title = {{PhoneGap} {\textbar} {SAP} Partnership Provides Openness and Choice for Mobile App Developers},
	url = {http://phonegap.com/2012/04/13/sap-partnership-provides-openness-and-choice-for-mobile-app-developers/},
	urldate = {2013-05-03},
	file = {PhoneGap | SAP Partnership Provides Openness and Choice for Mobile App Developers:/home/helleste/.mozilla/firefox/oml1nlzd.default/zotero/storage/T27RC8V4/sap-partnership-provides-openness-and-choice-for-mobile-app-developers.html:text/html}
},

@misc{introducing_wp7_builds,
	title = {{PhoneGap} {\textbar} Introducing Windows Phone 7 Builds},
	url = {http://phonegap.com/blog/2012/04/19/introducing-windows-phone-7-builds/},
	urldate = {2013-05-03},
	file = {PhoneGap | Introducing Windows Phone 7 Builds:/home/helleste/.mozilla/firefox/oml1nlzd.default/zotero/storage/U38JBXZQ/introducing-windows-phone-7-builds.html:text/html}
},

@misc{how_cordova_becomes_phonegap,
	title = {{PhoneGap} {\textbar} Rolling Releases: How Apache Cordova becomes {PhoneGap} and Why},
	url = {http://phonegap.com/2012/04/12/rolling-releases-how-apache-cordova-becomes-phonegap-and-why/},
	urldate = {2013-05-03},
	file = {PhoneGap | Rolling Releases: How Apache Cordova becomes PhoneGap and Why:/home/helleste/.mozilla/firefox/oml1nlzd.default/zotero/storage/HEPIXQWE/rolling-releases-how-apache-cordova-becomes-phonegap-and-why.html:text/html}
},

@misc{phonegap_best_xplatfrom_tool,
	title = {{PhoneGap} {\textbar} Adobe {PhoneGap} named Best Cross-Platform Development Tool by {CodeProject}},
	url = {http://phonegap.com/2012/06/12/adobe-phonegap-named-best-cross-platform-development-tool-by-codeproject/},
	urldate = {2013-05-03},
	file = {PhoneGap | Adobe PhoneGap named Best Cross-Platform Development Tool by CodeProject:/home/helleste/.mozilla/firefox/oml1nlzd.default/zotero/storage/TVSDWIPA/adobe-phonegap-named-best-cross-platform-development-tool-by-codeproject.html:text/html}
},

@misc{infoworld_technology_of_2012,
	title = {{InfoWorld's} 2012 Technology of the Year Award winners - {InfoWorld}},
	url = {http://www.infoworld.com/slideshow/24605/infoworlds-2012-technology-of-the-year-award-winners-183313\#slide2},
	urldate = {2013-05-03},
	file = {InfoWorld's 2012 Technology of the Year Award winners - InfoWorld:/home/helleste/.mozilla/firefox/oml1nlzd.default/zotero/storage/UJE3P5DC/infoworlds-2012-technology-of-the-year-award-winners-183313.html:text/html}
},

@misc{phonegap_myths,
	title = {{PhoneGap} {\textbar} Questions and Myths About {PhoneGap}},
	url = {http://phonegap.com/2012/06/21/questions-and-myths-about-phonegap/},
	urldate = {2013-05-03},
	file = {PhoneGap | Questions and Myths About PhoneGap:/home/helleste/.mozilla/firefox/oml1nlzd.default/zotero/storage/ASJ99NQP/questions-and-myths-about-phonegap.html:text/html}
},

@misc{phonegap_champion,
	title = {{PhoneGap} {\textbar} Adobe {PhoneGap} named {“Champion”} by Info-Tech Research Group},
	url = {http://phonegap.com/2012/06/28/adobe-phonegap-named-\%E2\%80\%9Cchampion\%E2\%80\%9D-by-info-tech-research-group/},
	urldate = {2013-05-03},
	file = {PhoneGap | Adobe PhoneGap named “Champion” by Info-Tech Research Group:/home/helleste/.mozilla/firefox/oml1nlzd.default/zotero/storage/QXXUTJQT/adobe-phonegap-named-“champion”-by-info-tech-research-group.html:text/html}
},

@misc{phonegap_2_released,
	title = {{PhoneGap} {\textbar} Adobe {PhoneGap} 2.0 Released},
	url = {http://phonegap.com/2012/07/20/adobe-phonegap-2-0-released.md/},
	urldate = {2013-05-03},
	file = {PhoneGap | Adobe PhoneGap 2.0 Released:/home/helleste/.mozilla/firefox/oml1nlzd.default/zotero/storage/XVVSVNXI/adobe-phonegap-2-0-released.html:text/html}
},

@misc{phonegap_bbc_olympics,
	title = {{PhoneGap} {\textbar} Adobe {PhoneGap} and Project Primetime Power {BBC’s} Coverage of the Olympics},
	url = {http://phonegap.com/blog/2012/07/28/adobe-phonegap-and-project-primetime-power-bbcs-coverage-of-the-olympics/},
	urldate = {2013-05-03},
	file = {PhoneGap | Adobe PhoneGap and Project Primetime Power BBC’s Coverage of the Olympics:/home/helleste/.mozilla/firefox/oml1nlzd.default/zotero/storage/T2AUNECK/adobe-phonegap-and-project-primetime-power-bbcs-coverage-of-the-olympics.html:text/html}
},

@misc{phonegap_build_launched,
	title = {{PhoneGap} {\textbar} {PhoneGap} Build is Launched!},
	url = {http://phonegap.com/blog/2012/09/24/phonegap-build-is-launched/},
	urldate = {2013-05-03},
	file = {PhoneGap | PhoneGap Build is Launched!:/home/helleste/.mozilla/firefox/oml1nlzd.default/zotero/storage/SJ2BDP8A/phonegap-build-is-launched.html:text/html}
},

@misc{phonegap_wp8_support,
	title = {{PhoneGap} {\textbar} Announcing Apache Cordova support for Windows Phone 8},
	url = {http://phonegap.com/blog/2012/10/30/announcing-apache-cordova-support-for-windows-phone-8/},
	urldate = {2013-05-03},
	file = {PhoneGap | Announcing Apache Cordova support for Windows Phone 8:/home/helleste/.mozilla/firefox/oml1nlzd.default/zotero/storage/FVI69KEH/announcing-apache-cordova-support-for-windows-phone-8.html:text/html}
},

@misc{phonegap_22_released,
	title = {{PhoneGap} {\textbar} {PhoneGap} 2.2.0 Released},
	url = {http://phonegap.com/blog/2012/11/01/phonegap-220/},
	urldate = {2013-05-03},
	file = {PhoneGap | PhoneGap 2.2.0 Released:/home/helleste/.mozilla/firefox/oml1nlzd.default/zotero/storage/DBQ3GIZN/phonegap-220.html:text/html}
},

@misc{phonegap_best_mobile_dev_tool,
	title = {{PhoneGap} {\textbar} Adobe {PhoneGap} named Best Mobile Development Tool by Dr. Dobb's Jolt Awards},
	url = {http://phonegap.com/blog/2012/11/01/adobe-phonegap-wins-jolt-award/},
	urldate = {2013-05-03},
	file = {PhoneGap | Adobe PhoneGap named Best Mobile Development Tool by Dr. Dobb's Jolt Awards:/home/helleste/.mozilla/firefox/oml1nlzd.default/zotero/storage/GZZDIKRK/adobe-phonegap-wins-jolt-award.html:text/html}
},

@book{john_m._wargo_phonegap,
	title = {{PhoneGap} Essentials: Building Cross-Platform Mobile Apps},
	isbn = {0321814290},
	year = {2012},
	publisher = {Addison-Wesley Professional},
	author = {John M. Wargo}
},

@misc{cordova_roadmapprojects,
	title = {{RoadmapProjects} - Cordova Wiki},
	url = {http://wiki.apache.org/cordova/RoadmapProjects},
	urldate = {2013-05-03},
	file = {RoadmapProjects - Cordova Wiki:/home/helleste/.mozilla/firefox/oml1nlzd.default/zotero/storage/9PZWNBZA/RoadmapProjects.html:text/html}
},

@misc{phonegap_about,
	title = {{PhoneGap} {\textbar} About},
	url = {http://phonegap.com/about/},
	urldate = {2013-05-03},
	file = {PhoneGap | About:/home/helleste/.mozilla/firefox/oml1nlzd.default/zotero/storage/77Q6M7SA/about.html:text/html}
},

@misc{phonegap_winning_webexpo,
	title = {{PhoneGap} {\textbar} {PhoneGap’s} Winning Pitch at Web 2.0 Expo},
	url = {http://stage.phonegap.com/2009/05/01/phonegap\%E2\%80\%99s-winning-pitch-at-web-2-0-expo/},
	urldate = {2013-05-03},
	file = {PhoneGap | PhoneGap’s Winning Pitch at Web 2.0 Expo:/home/helleste/.mozilla/firefox/oml1nlzd.default/zotero/storage/XQW8GRRX/phonegap’s-winning-pitch-at-web-2-0-expo.html:text/html}
},

@misc{phonegap_api_docs,
	title = {{PhoneGap} {API} Documentation},
	url = {http://docs.phonegap.com/en/2.5.0/},
	urldate = {2013-05-03},
	file = {PhoneGap API Documentation:/home/helleste/.mozilla/firefox/oml1nlzd.default/zotero/storage/ISHCZH92/2.5.html:text/html}
},

@misc{google_android_wikipedia,
	title = {Google Android Wikipedia {\textbar} Android Encyclopedia},
	url = {http://androidencyclopedia.com/google-android-wikipedia/},
	urldate = {2013-05-03},
	file = {Google Android Wikipedia | Android Encyclopedia:/home/helleste/.mozilla/firefox/oml1nlzd.default/zotero/storage/TECVQE82/google-android-wikipedia.html:text/html}
},

@misc{phonegap_new_wikipedia_app,
	title = {{PhoneGap} {\textbar} New Wikipedia {iOS} app is powered by {PhoneGap}},
	url = {http://phonegap.com/2012/04/10/new-wikipedia-ios-app-is-powered-by-phonegap/},
	urldate = {2013-05-03},
	file = {PhoneGap | New Wikipedia iOS app is powered by PhoneGap:/home/helleste/.mozilla/firefox/oml1nlzd.default/zotero/storage/HSX4GK7U/new-wikipedia-ios-app-is-powered-by-phonegap.html:text/html}
},

@misc{phonegap_bbc_olympics_app,
	title = {{PhoneGap} {\textbar} {BBC} Olympics},
	url = {http://phonegap.com/app/bbc-olympics/},
	urldate = {2013-05-03},
	file = {PhoneGap | BBC Olympics:/home/helleste/.mozilla/firefox/oml1nlzd.default/zotero/storage/Z9UIQ6IA/bbc-olympics.html:text/html}
},

@misc{dribbble_bbc_olympics,
	title = {Dribbble - {BBC} Olympics app by David Wilson},
	url = {http://dribbble.com/shots/642405-BBC-Olympics-app},
	urldate = {2013-05-03},
	file = {Dribbble - BBC Olympics app by David Wilson:/home/helleste/.mozilla/firefox/oml1nlzd.default/zotero/storage/KCTGR6AS/642405-BBC-Olympics-app.html:text/html}
},

@misc{phonegap_fruit_salad,
	title = {{PhoneGap} {\textbar} Fruit Salad},
	url = {http://phonegap.com/app/fruit-salad/},
	urldate = {2013-05-03},
	file = {PhoneGap | Fruit Salad:/home/helleste/.mozilla/firefox/oml1nlzd.default/zotero/storage/2DNNI2MX/fruit-salad.html:text/html}
}